@article{Obied:2018sgi,
      author         = "Obied, Georges and Ooguri, Hirosi and Spodyneiko, Lev and
                        Vafa, Cumrun",
      title          = "{De Sitter Space and the Swampland}",
      year           = "2018",
      eprint         = "1806.08362",
      archivePrefix  = "arXiv",
      primaryClass   = "hep-th",
      reportNumber   = "CALT-TH-2018-020, IPMU18-0100",
      SLACcitation   = "%%CITATION = ARXIV:1806.08362;%%"
}
@article{Basu:1993rf,
      author         = "Basu, Rama and Vilenkin, Alexander",
      title          = "{Evolution of topological defects during inflation}",
      journal        = "Phys. Rev.",
      volume         = "D50",
      year           = "1994",
      pages          = "7150-7153",
      doi            = "10.1103/PhysRevD.50.7150",
      eprint         = "gr-qc/9402040",
      archivePrefix  = "arXiv",
      primaryClass   = "gr-qc",
      SLACcitation   = "%%CITATION = GR-QC/9402040;%%"
}
@article{Kinney:2018kew,
      author         = "Kinney, William H.",
      title          = "{Eternal Inflation and the Refined Swampland Conjecture}",
      journal        = "Phys. Rev. Lett.",
      volume         = "122",
      year           = "2019",
      number         = "8",
      pages          = "081302",
      doi            = "10.1103/PhysRevLett.122.081302",
      eprint         = "1811.11698",
      archivePrefix  = "arXiv",
      primaryClass   = "astro-ph.CO",
      SLACcitation   = "%%CITATION = ARXIV:1811.11698;%%"
}
@article{Barenboim:2016mmw,
      author         = "Barenboim, Gabriela and Park, Wan-Il and Kinney, William
                        H.",
      title          = "{Eternal Hilltop Inflation}",
      journal        = "JCAP",
      volume         = "1605",
      year           = "2016",
      number         = "05",
      pages          = "030",
      doi            = "10.1088/1475-7516/2016/05/030",
      eprint         = "1601.08140",
      archivePrefix  = "arXiv",
      primaryClass   = "astro-ph.CO",
      reportNumber   = "FTUV-16-01-29, IFIC-16-03",
      SLACcitation   = "%%CITATION = ARXIV:1601.08140;%%"
}
@article{Dias:2018ngv,
      author         = "Dias, Mafalda and Frazer, Jonathan and Retolaza, Ander
                        and Westphal, Alexander",
      title          = "{Primordial Gravitational Waves and the Swampland}",
      journal        = "Fortsch. Phys.",
      volume         = "67",
      year           = "2019",
      number         = "1-2",
      pages          = "2",
      doi            = "10.1002/prop.201800063",
      eprint         = "1807.06579",
      archivePrefix  = "arXiv",
      primaryClass   = "hep-th",
      reportNumber   = "DESY-18-125",
      SLACcitation   = "%%CITATION = ARXIV:1807.06579;%%"
}
@article{Brown:2015iha,
      author         = "Brown, Jon and Cottrell, William and Shiu, Gary and
                        Soler, Pablo",
      title          = "{Fencing in the Swampland: Quantum Gravity Constraints on
                        Large Field Inflation}",
      journal        = "JHEP",
      volume         = "10",
      year           = "2015",
      pages          = "023",
      doi            = "10.1007/JHEP10(2015)023",
      eprint         = "1503.04783",
      archivePrefix  = "arXiv",
      primaryClass   = "hep-th",
      reportNumber   = "MAD-TH-15-04",
      SLACcitation   = "%%CITATION = ARXIV:1503.04783;%%"
}
@article{Allahverdi:2008bt,
      author         = "Allahverdi, Rouzbeh and Dutta, Bhaskar and Mazumdar,
                        Anupam",
      title          = "{Attraction towards an inflection point inflation}",
      journal        = "Phys. Rev.",
      volume         = "D78",
      year           = "2008",
      pages          = "063507",
      doi            = "10.1103/PhysRevD.78.063507",
      eprint         = "0806.4557",
      archivePrefix  = "arXiv",
      primaryClass   = "hep-ph",
      reportNumber   = "MIFP-08-14",
      SLACcitation   = "%%CITATION = ARXIV:0806.4557;%%"
}
@article{Hotchkiss:2011am,
      author         = "Hotchkiss, Shaun and Mazumdar, Anupam and Nadathur,
                        Seshadri",
      title          = "{Inflection point inflation: WMAP constraints and a
                        solution to the fine-tuning problem}",
      journal        = "JCAP",
      volume         = "1106",
      year           = "2011",
      pages          = "002",
      doi            = "10.1088/1475-7516/2011/06/002",
      eprint         = "1101.6046",
      archivePrefix  = "arXiv",
      primaryClass   = "astro-ph.CO",
      SLACcitation   = "%%CITATION = ARXIV:1101.6046;%%"
}

@article{Aguirre:2007gy,
      author         = "Aguirre, Anthony",
      title          = "{Eternal Inflation, past and future}",
      year           = "2007",
      eprint         = "0712.0571",
      archivePrefix  = "arXiv",
      primaryClass   = "hep-th",
      SLACcitation   = "%%CITATION = ARXIV:0712.0571;%%"
}
@article{Brahma:2019iyy,
      author         = "Brahma, Suddhasattwa and Shandera, Sarah",
      title          = "{Stochastic eternal inflation is in the swampland}",
      year           = "2019",
      eprint         = "1904.10979",
      archivePrefix  = "arXiv",
      primaryClass   = "hep-th",
      SLACcitation   = "%%CITATION = ARXIV:1904.10979;%%"
}
@conference{steinhardt1982,
  author       = {P.~J.~Steinhardt}, 
  title        = {The Very Early Universe},
  booktitle    = {Proceedings of the Nuffield Workshop},
  year         = {1983},
  editor       = {G.~W.~Gibbons and S.~W.~Hawking and S.~T.~C.~Siklos},
  volume       = {},
  series       = {},
  pages        = {251 -- 266},
  address      = {},
  month        = {},
  organization = {},
  publisher    = {Cambridge University Press},
  note         = {}  
}
@article{Linde:1983gd,
      author         = "Linde, Andrei D.",
      title          = "{Chaotic Inflation}",
      journal        = "Phys. Lett.",
      volume         = "129B",
      year           = "1983",
      pages          = "177-181",
      doi            = "10.1016/0370-2693(83)90837-7",
      SLACcitation   = "%%CITATION = PHLTA,129B,177;%%"
}
@article{Vilenkin:1983xq,
      author         = "Vilenkin, Alexander",
      title          = "{The Birth of Inflationary Universes}",
      journal        = "Phys. Rev.",
      volume         = "D27",
      year           = "1983",
      pages          = "2848",
      doi            = "10.1103/PhysRevD.27.2848",
      reportNumber   = "TUTP-83-1",
      SLACcitation   = "%%CITATION = PHRVA,D27,2848;%%"
}
@article{Guth:1985ya,
      author         = "Guth, Alan H. and Pi, So-Young",
      title          = "{The Quantum Mechanics of the Scalar Field in the New
                        Inflationary Universe}",
      journal        = "Phys. Rev.",
      volume         = "D32",
      year           = "1985",
      pages          = "1899-1920",
      doi            = "10.1103/PhysRevD.32.1899",
      note           = "[,1899(1985)]",
      reportNumber   = "MIT-CTP-1246",
      SLACcitation   = "%%CITATION = PHRVA,D32,1899;%%"
}
@article{Liddle:1994dx,
      author         = "Liddle, Andrew R. and Parsons, Paul and Barrow, John D.",
      title          = "{Formalizing the slow roll approximation in inflation}",
      journal        = "Phys. Rev.",
      volume         = "D50",
      year           = "1994",
      pages          = "7222-7232",
      doi            = "10.1103/PhysRevD.50.7222",
      eprint         = "astro-ph/9408015",
      archivePrefix  = "arXiv",
      primaryClass   = "astro-ph",
      reportNumber   = "SUSSEX-AST-94-8-1",
      SLACcitation   = "%%CITATION = ASTRO-PH/9408015;%%"
}
@article{Stewart:1993bc,
      author         = "Stewart, Ewan D. and Lyth, David H.",
      title          = "{A More accurate analytic calculation of the spectrum of
                        cosmological perturbations produced during inflation}",
      journal        = "Phys. Lett.",
      volume         = "B302",
      year           = "1993",
      pages          = "171-175",
      doi            = "10.1016/0370-2693(93)90379-V",
      eprint         = "gr-qc/9302019",
      archivePrefix  = "arXiv",
      primaryClass   = "gr-qc",
      reportNumber   = "KUNS-1176, LANCS-TH-93-01",
      SLACcitation   = "%%CITATION = GR-QC/9302019;%%"
}
@article{Barenboim:2016mmw,
      author         = "Barenboim, Gabriela and Park, Wan-Il and Kinney, William
                        H.",
      title          = "{Eternal Hilltop Inflation}",
      journal        = "JCAP",
      volume         = "1605",
      year           = "2016",
      number         = "05",
      pages          = "030",
      doi            = "10.1088/1475-7516/2016/05/030",
      eprint         = "1601.08140",
      archivePrefix  = "arXiv",
      primaryClass   = "astro-ph.CO",
      reportNumber   = "FTUV-16-01-29, IFIC-16-03",
      SLACcitation   = "%%CITATION = ARXIV:1601.08140;%%"
}
@article{Musoke:2017frr,
      author         = "Musoke, Nathan and Easther, Richard",
      title          = "{Expectations for Inflationary Observables: Simple or
                        Natural?}",
      journal        = "JCAP",
      volume         = "1712",
      year           = "2017",
      number         = "12",
      pages          = "032",
      doi            = "10.1088/1475-7516/2017/12/032",
      eprint         = "1709.01192",
      archivePrefix  = "arXiv",
      primaryClass   = "astro-ph.CO",
      SLACcitation   = "%%CITATION = ARXIV:1709.01192;%%"
}
@article{Martin:2013tda,
      author         = "Martin, Jerome and Ringeval, Christophe and Vennin,
                        Vincent",
      title          = "{Encyclop¾dia Inflationaris}",
      journal        = "Phys. Dark Univ.",
      volume         = "5-6",
      year           = "2014",
      pages          = "75-235",
      doi            = "10.1016/j.dark.2014.01.003",
      eprint         = "1303.3787",
      archivePrefix  = "arXiv",
      primaryClass   = "astro-ph.CO",
      SLACcitation   = "%%CITATION = ARXIV:1303.3787;%%"
}
@article{Ipser:1983db,
      author         = "Ipser, J. and Sikivie, P.",
      title          = "{The Gravitationally Repulsive Domain Wall}",
      journal        = "Phys. Rev.",
      volume         = "D30",
      year           = "1984",
      pages          = "712",
      doi            = "10.1103/PhysRevD.30.712",
      reportNumber   = "UFTP-83-18",
      SLACcitation   = "%%CITATION = PHRVA,D30,712;%%"
}
@article{Vilenkin:1984hy,
      author         = "Vilenkin, A.",
      title          = "{Gravitational Field of Vacuum Domain Walls}",
      journal        = "Phys. Lett.",
      volume         = "133B",
      year           = "1983",
      pages          = "177-179",
      doi            = "10.1016/0370-2693(83)90554-3",
      SLACcitation   = "%%CITATION = PHLTA,133B,177;%%"
}
@article{Sakai:2003st,
      author         = "Sakai, Nobuyuki",
      title          = "{Generality of topological inflation}",
      journal        = "Class. Quant. Grav.",
      volume         = "21",
      year           = "2004",
      pages          = "281-288",
      doi            = "10.1088/0264-9381/21/1/020",
      eprint         = "gr-qc/0307092",
      archivePrefix  = "arXiv",
      primaryClass   = "gr-qc",
      SLACcitation   = "%%CITATION = GR-QC/0307092;%%"
}
@article{Linde:1994wt,
      author         = "Linde, Andrei D. and Linde, Dmitri A.",
      title          = "{Topological defects as seeds for eternal inflation}",
      journal        = "Phys. Rev.",
      volume         = "D50",
      year           = "1994",
      pages          = "2456-2468",
      doi            = "10.1103/PhysRevD.50.2456",
      eprint         = "hep-th/9402115",
      archivePrefix  = "arXiv",
      primaryClass   = "hep-th",
      reportNumber   = "SU-ITP-94-3",
      SLACcitation   = "%%CITATION = HEP-TH/9402115;%%"
}
@article{Vilenkin:1994pv,
      author         = "Vilenkin, Alexander",
      title          = "{Topological inflation}",
      journal        = "Phys. Rev. Lett.",
      volume         = "72",
      year           = "1994",
      pages          = "3137-3140",
      doi            = "10.1103/PhysRevLett.72.3137",
      eprint         = "hep-th/9402085",
      archivePrefix  = "arXiv",
      primaryClass   = "hep-th",
      SLACcitation   = "%%CITATION = HEP-TH/9402085;%%"
}
@article{Mukhanov:2014uwa,
      author         = "Mukhanov, Viatcheslav",
      title          = "{Inflation without Selfreproduction}",
      journal        = "Fortsch. Phys.",
      volume         = "63",
      year           = "2015",
      pages          = "36-41",
      doi            = "10.1002/prop.201400074",
      eprint         = "1409.2335",
      archivePrefix  = "arXiv",
      primaryClass   = "astro-ph.CO",
      SLACcitation   = "%%CITATION = ARXIV:1409.2335;%%"
}
@article{Easther:2006tv,
      author         = "Easther, Richard and Peiris, Hiranya",
      title          = "{Implications of a Running Spectral Index for Slow Roll
                        Inflation}",
      journal        = "JCAP",
      volume         = "0609",
      year           = "2006",
      pages          = "010",
      doi            = "10.1088/1475-7516/2006/09/010",
      eprint         = "astro-ph/0604214",
      archivePrefix  = "arXiv",
      primaryClass   = "astro-ph",
      SLACcitation   = "%%CITATION = ASTRO-PH/0604214;%%"
}